(article: Zeitungs- oder Zeitschriftenartikel
 notwendig: author, title, journal, year
 optional: volume, number, pages, month, note
)
@article{diffie1976,
  title={{New Directions in Cryptography}},
  author={Whitfield Diffie and Martin Hellman},
  journal={IEEE Transactions on Information Theory},
  volume={22},
  number={6},
  pages={644--654},
  year={1976}
}

(book: Buch
 notwendig: autor or editor, title, publisher, year
 optional: volume or number, series, address, edition, month, note, isbn
)
@book{katzlindell,
 author = {Katz, Jonathan and Lindell, Yehuda},
 title = {Introduction to Modern Cryptography (Chapman \& Hall/Crc Cryptography and Network Security Series)},
 year = {2007},
 isbn = {1584885513},
 publisher = {Chapman \& Hall/CRC},
}

(booklet: Gebundenes Druckwerk
 notwendig: title
 optional: author, howpublished, address, month, year, note
)

(conference: Wissenschaftliche Konferenz
 notwendig: author, title, booktitle, year
 optional: editor, volume or number, series, pages, address, month, organization, publisher, note
)

(inbook: Teil eines Buches
 notwendig: author or editor, title, chapter and/or pages, publisher, year
 optional: volume or number, series, type, address, edition, month, note
)

(incollection: Teil eines Buches (z. B. Aufsatz in einem Sammelband) mit einem eigenen Titel 
 notwendig: author, title, booktitle, publisher, year 
 optional: editor, volume or number, series, type, chapter, pages, address, edition, month, note
)

(inproceedings: Artikel in einem Konferenzbericht
 notwendig: author, title, booktitle, year
 optional: editor, volume or number, series, pages, address, month, organization, publisher, note
)

(manual: Technische Dokumentation
 notwendig: title
 optional: author, organization, address, edition, month, year, note
)
@manual{bingovoting,
 title = {Bingo Voting -- Technische Kurzbeschreibung},
 author = {Stefan R"ohrich},
 year = 2007,
 organization = {Europ"aisches Institut f"ur Systemsicherheit, Universit"at Karlsruhe},
 address = {Karlsruhe}
}

(mastersthesis: Diplom- oder andere Abschlussarbeit (außer Promotion)
 notwendig: author, title, school, year
 optional: type, address, month, note
)

(misc: beliebiger Eintrag (wenn nichts anderes passt)
 notwendig:
 optional: author, title, howpublished, month, year, note
)

(phdthesis: Doktor- oder andere Promotionsarbeit
 notwendig: author, title, school, year
 optional: type, address, month, note
)
@phdthesis{gentry,
 author = {Craig Gentry},
 title = {A Fully Homomorphic Encryption Scheme},
 school = {Stanford University},
 year = 2009,
 note = {\url{http://crypto.stanford.edu/craig}}
}

(proceedings: Konferenzbericht 
 notwendig: title, year
 optional: editor, volume or number, series, address, month, organization, publisher, note
)

(techreport: veröffentlichter Bericht einer Hochschule oder anderen Institution
 notwendig: author, title, institution, year
 optional: type, note, number, address, month
)

(unpublished: nicht formell veröffentlichtes Dokument
 notwendig: author, title, note
 optional: month, year
)
